<record><leader>00000cas a2200000 a 4500</leader><controlfield tag="001">11659243</controlfield><controlfield tag="008">850205d18881895ksuwr ne      0   a0eng d</controlfield><datafield ind1=" " ind2=" " tag="010"><subfield code="a">sn 85030887 </subfield></datafield><datafield ind1=" " ind2=" " tag="040"><subfield code="a">KSH</subfield><subfield code="b">eng</subfield><subfield code="c">KSH</subfield><subfield code="d">NPT</subfield><subfield code="d">OCL</subfield><subfield code="d">OCLCQ</subfield></datafield><datafield ind1=" " ind2=" " tag="042"><subfield code="a">msc</subfield></datafield><datafield ind1="0" ind2="0" tag="245"><subfield code="a">Kiowa County times.</subfield></datafield><datafield ind1=" " ind2=" " tag="260"><subfield code="a">Greensburg, Kan. :</subfield><subfield code="b">[s.n.],</subfield><subfield code="c">-1895.</subfield></datafield><datafield ind1=" " ind2=" " tag="300"><subfield code="a">v. :</subfield><subfield code="b">ill. ;</subfield><subfield code="c">53-65 cm.</subfield></datafield><datafield ind1=" " ind2=" " tag="310"><subfield code="a">Weekly</subfield></datafield><datafield ind1="0" ind2=" " tag="362"><subfield code="a">-v. 8, no. 33 (Sept. 13, 1895).</subfield></datafield><datafield ind1="1" ind2=" " tag="362"><subfield code="a">Began in 1888?</subfield></datafield><datafield ind1=" " ind2=" " tag="500"><subfield code="a">Published by: Greensburg Pub. Co., July 5, 1889-Sept. 13, 1895.</subfield></datafield><datafield ind1=" " ind2=" " tag="500"><subfield code="a">"Official organ of the People's Party of Kiowa Co.," Oct. 17, 1890-Sept. 13, 1895.</subfield></datafield><datafield ind1=" " ind2=" " tag="588"><subfield code="a">Description based on: Vol. 1, no. 28 (Aug. 17, 1888).</subfield></datafield><datafield ind1=" " ind2=" " tag="752"><subfield code="a">United States</subfield><subfield code="b">Kansas</subfield><subfield code="c">Kiowa</subfield><subfield code="d">Greensburg.</subfield></datafield><datafield ind1="0" ind2="5" tag="780"><subfield code="t">Republican banner (Greensburg, Kan.)</subfield><subfield code="g">Mar. 1895</subfield><subfield code="w">(DLC)sn 85030882</subfield></datafield><datafield ind1="0" ind2="7" tag="785"><subfield code="t">Kiowa County signal (Greensburg, Kan. : 1886)</subfield><subfield code="w">(DLC)sn 85030889</subfield></datafield><datafield ind1="0" ind2="7" tag="785"><subfield code="t">Kiowa County signal and the Kiowa County times</subfield><subfield code="w">(DLC)sn 85030890</subfield></datafield></record>